<record><leader>00000nas a2200000 i 4500</leader><controlfield tag="001">930393613</controlfield><controlfield tag="006">m     o  d        </controlfield><controlfield tag="007">cr |||||||||||</controlfield><controlfield tag="008">151125d18451845msuwr neo     0   a0eng  </controlfield><datafield ind1=" " ind2=" " tag="010"><subfield code="a">  2015270709</subfield></datafield><datafield ind1=" " ind2=" " tag="040"><subfield code="a">DLC</subfield><subfield code="b">eng</subfield><subfield code="e">rda</subfield><subfield code="c">DLC</subfield></datafield><datafield ind1="0" ind2=" " tag="022"><subfield code="a">2469-6641</subfield><subfield code="2">1</subfield></datafield><datafield ind1=" " ind2=" " tag="042"><subfield code="a">pcc</subfield><subfield code="a">nsdp</subfield></datafield><datafield ind1=" " ind2=" " tag="043"><subfield code="a">n-us-ms</subfield></datafield><datafield ind1="1" ind2="0" tag="050"><subfield code="a">ISSN RECORD</subfield></datafield><datafield ind1="1" ind2="0" tag="082"><subfield code="a">071</subfield><subfield code="2">23</subfield></datafield><datafield ind1="0" ind2=" " tag="130"><subfield code="a">Lynx (Panola, Miss.)</subfield></datafield><datafield ind1=" " ind2="4" tag="222"><subfield code="a">The lynx</subfield><subfield code="b">(Panola, Miss. Online)</subfield></datafield><datafield ind1="1" ind2="4" tag="245"><subfield code="a">The lynx.</subfield></datafield><datafield ind1=" " ind2="1" tag="264"><subfield code="a">Panola, MI. [Mississippi] :</subfield><subfield code="b">Keith &amp; Rockett,</subfield><subfield code="c">1845-</subfield></datafield><datafield ind1=" " ind2=" " tag="300"><subfield code="a">1 online resource</subfield></datafield><datafield ind1=" " ind2=" " tag="310"><subfield code="a">Weekly</subfield></datafield><datafield ind1=" " ind2=" " tag="336"><subfield code="a">text</subfield><subfield code="b">txt</subfield><subfield code="2">rdacontent</subfield></datafield><datafield ind1=" " ind2=" " tag="337"><subfield code="a">computer</subfield><subfield code="b">c</subfield><subfield code="2">rdamedia</subfield></datafield><datafield ind1=" " ind2=" " tag="338"><subfield code="a">online resource</subfield><subfield code="b">cr</subfield><subfield code="2">rdacarrier</subfield></datafield><datafield ind1="1" ind2=" " tag="362"><subfield code="a">Began with vol. 1, no. 1 (January 11, 1845); ceased in 1845.</subfield></datafield><datafield ind1=" " ind2=" " tag="588"><subfield code="a">Description based on: Vol. 1, no. 1 (January 11, 1845); title from masthead (Chroniclingamerica.loc.gov, viewed November 25, 2015).</subfield></datafield><datafield ind1=" " ind2=" " tag="588"><subfield code="a">Latest issue consulted: Vol. 1, no. 43 (November 29, 1845) (Chroniclingamerica.loc.gov, viewed November 25, 2015).</subfield></datafield><datafield ind1=" " ind2=" " tag="752"><subfield code="a">United States</subfield><subfield code="b">Mississippi</subfield><subfield code="c">Panola</subfield><subfield code="d">Panola.</subfield></datafield><datafield ind1="0" ind2="8" tag="776"><subfield code="i">Originally issued in print:</subfield><subfield code="t">Lynx (Panola, Miss.)</subfield><subfield code="x">2469-6633</subfield><subfield code="w">(DLC)sn 87065517</subfield><subfield code="w">(OCoLC)16111577</subfield></datafield><datafield ind1="0" ind2="0" tag="780"><subfield code="t">Weekly register (Panola, Miss.)</subfield></datafield><datafield ind1="0" ind2="0" tag="785"><subfield code="t">Panola lynx</subfield></datafield><datafield ind1="4" ind2="0" tag="856"><subfield code="u">http://www.loc.gov/chroniclingamerica/lccn/sn87065517/issues</subfield></datafield></record>